<?xml version="1.0" encoding="UTF-8"?><collection xmlns="http://www.loc.gov/MARC21/slim"><record><leader>00425nam--2200133-i-4500</leader><controlfield tag="001">000047358</controlfield><controlfield tag="002">20161230</controlfield><controlfield tag="005">20161230201046</controlfield><controlfield tag="008">060222s1000------------r-----000-0-eng-d</controlfield><datafield ind1=" " ind2=" " tag="245"><subfield code="a">Weg, ziel und grezen der streptomycintherapie. mit 87 abbildungen und i farbtafel</subfield></datafield><datafield ind1=" " ind2=" " tag="260"><subfield code="a">Berlin, Walter Gruyter, 1953, Viii+287p.Cu Fig.+ 1f.Pl</subfield></datafield><datafield ind1=" " ind2=" " tag="490"><subfield code="a">Akktuelle Fragen Der Inneren Medizin</subfield></datafield><datafield ind1=" " ind2=" " tag="700"><subfield code="a">Henneberg,Georg</subfield></datafield><datafield ind1=" " ind2=" " tag="852"><subfield code="a">12128</subfield></datafield></record></collection>